<?xml version="1.0" encoding="UTF-8"?><collection xmlns="http://www.loc.gov/MARC21/slim"><record><leader>00452nam--2200133-i-4500</leader><controlfield tag="001">000028063</controlfield><controlfield tag="002">20161230</controlfield><controlfield tag="005">20161230201037</controlfield><controlfield tag="008">060222s1000------------r-----000-0-eng-d</controlfield><datafield ind1="1" ind2=" " tag="100"><subfield code="a">Legras, J</subfield></datafield><datafield ind1="1" ind2="0" tag="245"><subfield code="a">Techniques de resolution des equations aux derivees partielles. equation de la chaleur-equation de laplace. equation des ondes. prefaces de j.peres</subfield></datafield><datafield ind1=" " ind2=" " tag="260"><subfield code="a">Paris, Dunod, 1956, Xv + 180p</subfield></datafield><datafield ind1=" " ind2=" " tag="852"><subfield code="a">12997</subfield><subfield code="c">517.9</subfield></datafield><datafield ind1=" " ind2=" " tag="CAT"><subfield code="a">Sys</subfield><subfield code="c">20080930</subfield><subfield code="h">111608</subfield></datafield></record></collection>